

@book{FlugmechanikBuch,
      title     = "Flugmechanik",
      author    = {Walter Fichter and Werner Grimm},
      year      = 2009,
      publisher = "IFR",
      address   = "Aachen"
    }
	
@book{AircraftCS,
  title={Aircraft control and simulation: dynamics, controls design, and autonomous systems},
  author={Stevens, Brian L and Lewis, Frank L and Johnson, Eric N},
  year={2015},
  publisher={John Wiley \& Sons}
}
    
@article{RAMPaper,
   author={Group Garteur},
   title={Robust Flight Control Design Challenge
Problem Formulation and Manual:
the Research Civil Aircraft Model (RCAM) },
   journal={Naval Research Logistics Quarterly},
   volume={1},
   year=1995,
   pages={1-65}
  }
  
@online{RAMYoutube_Playlist,
    author = "Cristopher Lum",
    title = "Flightmechanics",
    url  = "https://www.youtube.com/playlist?list=PLxdnSsBqCrrEx3A6W94sQGClk6Q4YCg-h",
    addendum = "(accessed: 06.03.2021)",
}

@online{PicBoeing757,
    author = "Moder Airlines",
    title = "Boeing 757 Picture",
    url  = "https://modernairliners.com/boeing757andboeing757specs",
    addendum = "(accessed: 06.03.2021)",
}

@online{windmodel,
    author = "MathWorks",
    title = "Discrete Wind Gust Model",
    url  = "https://de.mathworks.com/help/aeroblks/discretewindgustmodel.html",
    addendum = "(accessed: 06.03.2021)",
}

@online{gammaDoku,
    author = "Patrick Vogt",
    title = "Github - gammasyn",
    url  = "https://github.com/pvogt09/gammasyn",
    addendum = "(accessed: 06.03.2021)",
}

@incollection{Fichter2020,
  title={Einleitung und {\"U}bersicht},
  author={Fichter, Walter and Stephan, Johannes},
  booktitle={Flugregelung},
  pages={1--11},
  year={2020},
  publisher={Springer}
}

@inproceedings{B7571,
  title={Evaluation of structural integrity for transport aircraft encountering severe atmospheric turbulence},
  author={Chang, Ray C and Lan, C Edward and Guan, Wen-Lin},
  booktitle={Proceedings of the International Society of Air Safety Investigators (ISASI) Seminar},
  pages={12--15},
  year={2011}
}

@article{Methoden,
  title={Advances in air to air refuelling},
  author={Thomas, Peter R and Bhandari, Ujjar and Bullock, Steve and Richardson, Thomas S and Du Bois, Jonathan L},
  journal={Progress in Aerospace Sciences},
  volume={71},
  pages={14--35},
  year={2014},
  publisher={Elsevier}
}

@article{Vogt,
author = {Patrick Vogt and Eric Lenz and Ulrich Konigorski},
doi = {doi:10.1515/auto-2020-0078},
url = {https://doi.org/10.1515/auto-2020-0078},
title = {gammasyn – eine Toolbox zur robusten Polbereichsvorgabe mittels beschränkter Optimierung und Straffunktionen},
journal = {at - Automatisierungstechnik},
number = {10},
volume = {68},
year = {2020},
pages = {893--904}
}

@online{B7572,
    author = "Wikipedia",
    title = "Boeing 757",
    url  = "https://de.wikipedia.org/wiki/Boeing_757#Boeing_757-200",
    addendum = "(accessed: 06.03.2021)",
}

@misc{FM1Skrypt,
   author={Prof. Dr.-Ing. U. Klingauf},
   title={Flugmechanik I},
   howpublished={Fachgebiet Flugsysteme und Regelungstechnik - TU Darmstadt},
   year=2019,
  }
  
@misc{RobReg,
   author={Dr. Eric Lenz},
   title={Robuste Regelung},
   howpublished={Fachgebiet Regelungstechnik und Mechatronik - TU Darmstadt},
   year=2018,
  }
  
@misc{Mehrgr,
   author={Prof. Dr. Ulrich Konigorski},
   title={Mehrgrößenreglerentwurf im Zustandsraum},
   howpublished={Fachgebiet Regelungstechnik und Mechatronik - TU Darmstadt},
   year=2020,
  }
  
@masterthesis{Schaub,
author = {Philipp Schaub},
title = {Robuster Verkopplungsreglerentwurf mittels Polbereichsvorgabe},
school = {Technische Universität Darmstadt},
type = {Masterarbeit},
year = {2020}
}
  
@online{MatlabBild,
    author = "Matlab Aerospace",
    title = "Aero-Space Toolbox",
    url  = "https://de.mathworks.com/products/aerospace-toolbox.html",
    addendum = "(accessed: 06.03.2021)",
}

@online{RECREATE,
    author = "Cordis",
    title = "REsearch on a CRuiser Enabled Air Transport Environment",
    url  = "https://cordis.europa.eu/project/id/284741/de",
    addendum = "(accessed: 12.03.2021)",
}

@inproceedings{RefuelingTime,
  title={Conceptual Design of a Passenger Aircraft for Aerial Refueling Operations},
  author={La Rocca, G and Li, M and van der Linden, PPM and Elmendorp, RJM},
  booktitle={29th Congress of the International Council of the Aeronautical Sciences (ICAS)},
  year={2014}
}

@article{OptimalHeight,
  title={Fuel burn prediction algorithm for cruise, constant speed and level flight segments},
  author={Dancila, BD and Botez, Ruxandra and Labour, Dominique},
  journal={The Aeronautical Journal},
  volume={117},
  number={1191},
  pages={491--504},
  year={2013},
  publisher={Cambridge University Press}
}

@article{LengthBoom,
  title={Attitude control design for flying boom during air-to-air refuelling},
  author={Wang, Lixin and Cao, Huazi and Yue, Ting},
  journal={Proceedings of the Institution of Mechanical Engineers, Part I: Journal of Systems and Control Engineering},
  volume={231},
  number={10},
  pages={812--826},
  year={2017},
  publisher={SAGE Publications Sage UK: London, England}
}
  
@book{CNKI.2008,
	author = {Yuejian Xu and Bo Chen},
	year = {2008},
	title = {{Forschungsfortschritt und Schlüsselthemen der automatischen Luftbetankungstechnologie}},
	address = {Peking},
	edition = {First}
}

@book{CNKI.2012,
	author = {Chunli Xu and Borui Li},
	year = {2012},
	title = {{Vision-basierte automatische Luftbetankungstechnologie}},
	address = {Peking},
	edition = {First}
}

@book{CNKI.2011,
	author = {Hongyan Jiang and Wenchuan Li},
	year = {2011},
	title = {{Forschung zur autonomen Luftbetankungstechnologie von UAV}},
	address = {Peking},
	edition = {First}
}

@book{CNKI.1994,
	author = {Yuyan Hou},
	year = {1994},
	title = {{Entwicklung und Ausblick der ausländischen Luftbetankungstechnologie}},
	address = {Peking},
	edition = {First}
}


@book{CNKI.1995,
	author = {Gan Xu and Jinqi Cao},
	year = {1995},
	title = {{Der Status und die Entwicklung der ausländischen Luftbetankungstechnologie}},
	address = {Peking},
	edition = {First}
}

@book{EWADE.2013,
	author = {P.van der Linden, G.La Rocca and M.Li},
	year = {2013},
	title = {{Conceptual design of passenger aircraft}},
	address = {Linköping,Sweden},
	edition = {First}
}

@article{CEAS2015,
  title={Introducing Air to Air Refuelling (AAR) into Civil Aviation--Why \& How},
  author={Nangia, RK},
  year=2015,
  journal={Challenges in Europena Aerospace}
}
  
@article{Autonom1,
  title={Boom and receptacle autonomous air refueling using visual snake optical sensor},
  author={Doebbler, James and Spaeth, Theresa and Valasek, John and Monda, Mark J and Schaub, Hanspeter},
  journal={Journal of Guidance, Control, and Dynamics},
  volume={30},
  number={6},
  pages={1753--1769},
  year={2007}
}

@article{Autonom2,
  title={Trajectory tracking controller for vision-based probe and drogue autonomous aerial refueling},
  author={Tandale, Monish D and Bowers, Roshawn and Valasek, John},
  journal={Journal of Guidance, Control, and Dynamics},
  volume={29},
  number={4},
  pages={846--857},
  year={2006}
}

@inproceedings{pollini,
  title={Virtual simulation set-up for UAVs aerial refuelling},
  author={Pollini, Lorenzo and Campa, Giampiero and Giulietti, Fabrizio and Innocenti, Mario},
  booktitle={AIAA Modeling and Simulation Technologies Conference and Exhibit},
  pages={5682},
  year={2003}
}

  